<record><leader>00000cas a2200000 a 4500</leader><controlfield tag="001">40663880</controlfield><controlfield tag="008">990122d19981999wiumr ne      0    0eng c</controlfield><datafield ind1=" " ind2=" " tag="010"><subfield code="a">sn 00062044 </subfield></datafield><datafield ind1=" " ind2=" " tag="040"><subfield code="a">WIH</subfield><subfield code="b">eng</subfield><subfield code="c">WIH</subfield><subfield code="d">OCL</subfield><subfield code="d">CVF</subfield><subfield code="d">OCLCQ</subfield><subfield code="d">OCLCF</subfield><subfield code="d">OCLCO</subfield></datafield><datafield ind1="1" ind2=" " tag="029"><subfield code="a">AU@</subfield><subfield code="b">000021576307</subfield></datafield><datafield ind1=" " ind2=" " tag="042"><subfield code="a">pcc</subfield></datafield><datafield ind1=" " ind2=" " tag="043"><subfield code="a">n-us-wi</subfield></datafield><datafield ind1="0" ind2="0" tag="245"><subfield code="a">LCO times.</subfield></datafield><datafield ind1="3" ind2=" " tag="246"><subfield code="a">Lac Courte Oreilles times</subfield></datafield><datafield ind1=" " ind2=" " tag="260"><subfield code="a">Hayward, Wis. :</subfield><subfield code="b">LCO Times,</subfield><subfield code="c">[-1999]</subfield></datafield><datafield ind1=" " ind2=" " tag="300"><subfield code="a">v. :</subfield><subfield code="b">ill. ;</subfield><subfield code="c">56 cm.</subfield></datafield><datafield ind1=" " ind2=" " tag="310"><subfield code="a">Monthly</subfield></datafield><datafield ind1="0" ind2=" " tag="362"><subfield code="a">-v. 3, no. 1 (Jan. 15, 1999).</subfield></datafield><datafield ind1=" " ind2=" " tag="500"><subfield code="a">" ... for the Lac Courte Oreilles Ojibwa Community."</subfield></datafield><datafield ind1=" " ind2=" " tag="588"><subfield code="a">Description based on: Vol. 2, no. 13 (Sept. 25, 1998).</subfield></datafield><datafield ind1="2" ind2="0" tag="610"><subfield code="a">Lac Courte Oreilles Band of Lake Superior Chippewa Indians</subfield><subfield code="v">Newspapers.</subfield></datafield><datafield ind1=" " ind2="0" tag="650"><subfield code="a">Indians of North America</subfield><subfield code="z">Wisconsin</subfield><subfield code="v">Newspapers.</subfield></datafield><datafield ind1=" " ind2="0" tag="650"><subfield code="a">Ojibwa Indians</subfield><subfield code="v">Newspapers.</subfield></datafield><datafield ind1=" " ind2="0" tag="651"><subfield code="a">Hayward (Wis.)</subfield><subfield code="v">Newspapers.</subfield></datafield><datafield ind1=" " ind2="0" tag="651"><subfield code="a">Lac Courte Oreilles Reservation (Wis.)</subfield><subfield code="v">Newspapers.</subfield></datafield><datafield ind1=" " ind2="7" tag="655"><subfield code="a">Newspapers.</subfield><subfield code="2">fast</subfield><subfield code="0">(OCoLC)fst01423814</subfield></datafield><datafield ind1="2" ind2="7" tag="610"><subfield code="a">Lac Courte Oreilles Band of Lake Superior Chippewa Indians of Wisconsin.</subfield><subfield code="2">fast</subfield><subfield code="0">(OCoLC)fst01715458</subfield></datafield><datafield ind1=" " ind2="7" tag="650"><subfield code="a">Indians of North America.</subfield><subfield code="2">fast</subfield><subfield code="0">(OCoLC)fst00969633</subfield></datafield><datafield ind1=" " ind2="7" tag="650"><subfield code="a">Ojibwa Indians.</subfield><subfield code="2">fast</subfield><subfield code="0">(OCoLC)fst01045067</subfield></datafield><datafield ind1=" " ind2="7" tag="651"><subfield code="a">Wisconsin.</subfield><subfield code="2">fast</subfield><subfield code="0">(OCoLC)fst01204595</subfield></datafield><datafield ind1=" " ind2="7" tag="651"><subfield code="a">Wisconsin</subfield><subfield code="z">Hayward.</subfield><subfield code="2">fast</subfield><subfield code="0">(OCoLC)fst01205239</subfield></datafield><datafield ind1=" " ind2="7" tag="651"><subfield code="a">Wisconsin</subfield><subfield code="z">Lac Courte Oreilles Reservation.</subfield><subfield code="2">fast</subfield><subfield code="0">(OCoLC)fst01267220</subfield></datafield><datafield ind1=" " ind2=" " tag="752"><subfield code="a">United States</subfield><subfield code="b">Wisconsin</subfield><subfield code="c">Sawyer</subfield><subfield code="d">Hayward.</subfield></datafield><datafield ind1="0" ind2="0" tag="780"><subfield code="t">LCO journal times</subfield><subfield code="w">(DLC)sn 00062020</subfield><subfield code="w">(OCoLC)38889676</subfield></datafield><datafield ind1="0" ind2="0" tag="785"><subfield code="t">Chippewa sun</subfield><subfield code="w">(DLC)sn 00062045</subfield><subfield code="w">(OCoLC)41086160</subfield></datafield></record>